@Article{Dijkstra,
  author = 	 {E. W. Dijkstra},
  title = 	 {A Note on Two Problems in Connexion with Graphs},
  journal = 	 {Numerische Mathematik},
  year = 	 1959,
  volume = 	 1,
  number = 	 1,
  pages = 	 {269-271}}


@Article{Prim,
  author = 	 {R. C. Prim},
  title = 	 {Shortest Connection Networks And Some Generalizations},
  journal = 	 {Bell System Technical Journal},
  year = 	 1957,
  volume = 	 33,
  number = 	 6,
  pages = 	 {668-676}}

@Article{Kruskal,
  author = 	 {Joseph B. Kruskal, JR.},
  title = 	 {On the Shortest Spanning Subtree of a Graph and the Traveeling Salesman Problem},
  journal = 	 {Proceedings of the American Mathematical Society},
  year = 	 1956,
  volume = 	 7,
  number = 	 1,
  pages = 	 {48-50}}


@Article{Shapley,
  author = 	 {D. Gale and L.S. Shapley},
  title = 	 {College Admissions and the Stability of Marriage},
  journal = 	 {The American Mathematical Monthly},
  year = 	 1962,
  volume = 	 69,
  number = 	 1}

