@Article{Gale:Marriage,
  author =       {D. Gale and L. S. Shapley},
  title =        {College Admissions and the Stability of Marriage},
  journal =      {The american Mathematical Monthly},
  year =         {1962},
  OPTkey =       {},
  OPTvolume =    {},
  OPTnumber =    {},
  OPTpages =     {},
  OPTmonth =     {},
  OPTnote =      {},
  OPTannote =    {}
}

